This file was created with JabRef 2.2.
Encoding: MacRoman

@BOOK{bibCART,
  title = {Classification and Regression Trees},
  publisher = {Wadsworth International Group},
  year = {1984},
  author = {Breiman, Friedman, Olshen, and Stone},
  address = {Belmont, CA},
  isbn = {0534980546}
}

@ARTICLE{bibbreiman2000,
  author = {Leo Breiman},
  title = {Statistical Modeling: The Two Cultures},
  journal = {Statistical Science},
  year = {2000},
  pages = {199--231}
}


@BOOK{bibstrobl2008,
  title = {Conditional Variable Importance for Random Forests},
  publisher = {University of Munich},
  year = {2008},
  author = {Carolin Strobl, Anne-Laure Boulesteix, Thomas Kneib, Thomas Augustin and Achim Zeileis},
  edition{Technical Report Number 23}
}

@BOOK{bibISL,
  title = {An Introduction to Statistical Learning},
  publisher = {Springer-Verlag New York},
  year = {2013},
  author = {James, G., Witten, D., Hastie, T., Tibshirani, R.},
  edition={1}
  isbn = {978-1-4614-7137-06}
}

